@inproceedings{moongen,
  title={Moongen: A scriptable high-speed packet generator},
  author={Emmerich, Paul and Gallenm{\"u}ller, Sebastian and Raumer, Daniel and Wohlfart, Florian and Carle, Georg},
  booktitle={Proceedings of the 2015 Internet Measurement Conference},
  pages={275--287},
  year={2015},
  organization={ACM}
}

@inproceedings{stfq,
  title={Start-time fair queueing: A scheduling algorithm for integrated services packet switching networks},
  author={Goyal, Pawan and Vin, Harrick M and Chen, Haichen},
  booktitle={ACM SIGCOMM Computer Communication Review},
  volume={26},
  number={4},
  pages={157--168},
  year={1996},
  organization={ACM}
}

@article{SUME,
  title={NetFPGA SUME: Toward 100 Gbps as research commodity},
  author={Zilberman, Noa and Audzevich, Yury and Covington, G Adam and Moore, Andrew W},
  journal={IEEE micro},
  volume={34},
  number={5},
  pages={32--41},
  year={2014},
  publisher={IEEE}
}

@inproceedings{montreal2017,
  title={A high-speed traffic manager architecture for flow-based networking},
  author={Benacer, I and Boyer, FR and Savaria, Y},
  booktitle={Proceedings of the 15th IEEE International New Circuits and Systems Conference},
  pages={161--164},
  year={2017},
  organization={IEEE}
}

@article{Belfast2011,
 author = {O'Neill, Shane and Woods, Roger Francis and Marshall, Alan James and Zhang, Qi},
 title = {A Scalable and Programmable Modular Traffic Manager Architecture},
 journal = {ACM Transactions on Reconfigurable Technology and Systems},
 issue_date = {May 2011},
 volume = {4},
 number = {2},
 month = may,
 year = {2011},
 pages = {14:1--14:19},
} 

@inproceedings{pifo2016,
  title={Programmable packet scheduling at line rate},
  author={Sivaraman, Anirudh and Subramanian, Suvinay and Alizadeh, Mohammad and Chole, Sharad and Chuang, Shang-Tse and Agrawal, Anurag and Balakrishnan, Hari and Edsall, Tom and Katti, Sachin and McKeown, Nick},
  booktitle={Proceedings of the 2016 ACM SIGCOMM Conference},
  pages={44--57},
  year={2016},
  organization={ACM}
}

@inproceedings{det-skip-list,
  title={Deterministic skip lists},
  author={Munro, J Ian and Papadakis, Thomas and Sedgewick, Robert},
  booktitle={Proceedings of the third annual ACM-SIAM symposium on Discrete algorithms},
  pages={367--375},
  year={1992},
  organization={Society for Industrial and Applied Mathematics}
}

@article{skip-list-1990,
  title={Skip lists: a probabilistic alternative to balanced trees},
  author={Pugh, William},
  journal={Communications of the ACM},
  volume={33},
  number={6},
  pages={668--676},
  year={1990},
  publisher={ACM}
}

@article{p4:2014,
 author = {Bosshart, Pat and Daly, Dan and Gibb, Glen and Izzard, Martin and McKeown, Nick and Rexford, Jennifer and Schlesinger, Cole and Talayco, Dan and Vahdat, Amin and Varghese, George and Walker, David},
 title = {P4: Programming Protocol-independent Packet Processors},
 journal = {SIGCOMM Comput. Commun. Rev.},
 issue_date = {July 2014},
 volume = {44},
 number = {3},
 month = jul,
 year = {2014},
 issn = {0146-4833},
 pages = {87--95},
 numpages = {9},
 url = {http://doi.acm.org/10.1145/2656877.2656890},
 doi = {10.1145/2656877.2656890},
 acmid = {2656890},
 publisher = {ACM},
 address = {New York, NY, USA},
 keywords = {p4, protocol-independent, reconfigurability, sdn},
} 

@inproceedings{domino:2015,
 author = {Sivaraman, Anirudh and Subramanian, Suvinay and Agrawal, Anurag and Chole, Sharad and Chuang, Shang-Tse and Edsall, Tom and Alizadeh, Mohammad and Katti, Sachin and McKeown, Nick and Balakrishnan, Hari},
 title = {Towards Programmable Packet Scheduling},
 booktitle = {Proceedings of the 14th ACM Workshop on Hot Topics in Networks},
 series = {HotNets-XIV},
 year = {2015},
 isbn = {978-1-4503-4047-2},
 location = {Philadelphia, PA, USA},
 pages = {23:1--23:7},
 articleno = {23},
 numpages = {7},
 url = {http://doi.acm.org/10.1145/2834050.2834106},
 doi = {10.1145/2834050.2834106},
 acmid = {2834106},
 publisher = {ACM},
 address = {New York, NY, USA},
 keywords = {Programmable scheduling, switch hardware},
}

@online{SimPy,
  author = {Team SimPy},
  title = {Overview - SimPy 3.0.10 documentation},
  year = 2017,
  url = {http://simpy.readthedocs.io/en/latest/index.html},
  urldate = {2018-03-21},
}

@online{P4-NetFPGA,
  author = {Stephen Ibanez},
  title = {Home . NetFPGA/P4-NetFPGA-public Wiki . GitHub},
  year = 2017,
  url = {https://github.com/NetFPGA/P4-NetFPGA-public/wiki},
  urldate = {2018-03-21},
}

@online{NetFPGA,
  author = {The NetFPGA SUME team},
  title = {Home . NetFPGA/NetFPGA-SUME-public Wiki . GitHub},
  year = 2016,
  url = {https://github.com/NetFPGA/NetFPGA-SUME-public/wiki},
  urldate = {2018-03-21},
}

@inproceedings{timely,
  title={TIMELY: RTT-based Congestion Control for the Datacenter},
  author={Mittal, Radhika and Dukkipati, Nandita and Blem, Emily and Wassel, Hassan and Ghobadi, Monia and Vahdat, Amin and Wang, Yaogong and Wetherall, David and Zats, David and others},
  booktitle={ACM SIGCOMM Computer Communication Review},
  volume={45},
  number={4},
  pages={537--550},
  year={2015},
  organization={ACM}
}

@article{red,
  title={Random early detection gateways for congestion avoidance},
  author={Floyd, Sally and Jacobson, Van},
  journal={IEEE/ACM Transactions on networking},
  volume={1},
  number={4},
  pages={397--413},
  year={1993},
  publisher={IEEE}
}

@misc{wred,
  title={Policy-based weighted random early detection method for avoiding congestion in internet traffic},
  author={Freed, Michael and Amara, Satish Kumar},
  year={2006},
  month=feb # "~7",
  publisher={Google Patents},
  note={US Patent 6,996,062}
}

@incollection{rem,
  title={REM: Active queue management},
  author={Athuraliya, Sanjeewa and Li, Victor H and Low, Steven H and Yin, Qinghe},
  booktitle={Teletraffic Science and Engineering},
  volume={4},
  pages={817--828},
  year={2001},
  publisher={Elsevier}
}

@article{pipelined-heap-2007,
  title={Pipelined heap (priority queue) management for advanced scheduling in high-speed networks},
  author={Ioannou, Aggelos and Katevenis, Manolis GH},
  journal={IEEE/ACM Transactions on Networking (ToN)},
  volume={15},
  number={2},
  pages={450--461},
  year={2007},
  publisher={IEEE Press}
}

@inproceedings{pheap-2000,
  title={Fast and scalable priority queue architecture for high-speed network switches},
  author={Bhagwan, Ranjita and Lin, Bill},
  booktitle={INFOCOM 2000. Nineteenth Annual Joint Conference of the IEEE Computer and Communications Societies. Proceedings. IEEE},
  volume={2},
  pages={538--547},
  year={2000},
  organization={IEEE}
}

@inproceedings{Pisces,
  title={Pisces: A programmable, protocol-independent software switch},
  author={Shahbaz, Muhammad and Choi, Sean and Pfaff, Ben and Kim, Changhoon and Feamster, Nick and McKeown, Nick and Rexford, Jennifer},
  booktitle={Proceedings of the 2016 ACM SIGCOMM Conference},
  pages={525--538},
  year={2016},
  organization={ACM}
}

@article{SDNet,
  title={Xilinx SDNet: A New Way to Specify Network Hardware},
  author={Wirbel, Loring},
  year={2014}
}

@online{Tofino,
  author = {Barefoot Networks},
  title = {Tofino},
  year = 2018,
  url = {https://www.barefootnetworks.com/products/brief-tofino/},
  urldate = {2018-04-09}
}

@online{Xpliant,
  author = {Cavium},
  title = {Xpliant},
  year = 2018,
  url = {https://www.cavium.com/xpliant-ethernet-switch-product-family.html},
  urldate = {2018-04-09}
}

@online{p4org,
  author = {P4.org},
  title = {P4 Language Consortium},
  year = 2018,
  url = {https://p4.org/},
  urldate = {2018-04-09}
}

@online{p4runtime,
  author = {P4.org},
  title = {Announcing P4Runtime - A contribution by the P4 API Working Group},
  year = 2018,
  url = {https://p4.org/api/announcing-p4runtime-a-contribution-by-the-p4-api-working-group.html},
  urldate = {2018-04-09}
}

@online{Stratum,
  author = {Open Networking Foundation},
  title = {Stratum},
  year = 2018,
  url = {https://www.opennetworking.org/projects/stratum/},
  urldate = {2018-04-09}
}

@article{pifo1999,
  title={Matching output queueing with a combined input/output-queued switch},
  author={Chuang, Shang-Tse and Goel, Ashish and McKeown, Nick and Prabhakar, Balaji},
  journal={IEEE Journal on Selected Areas in Communications},
  volume={17},
  number={6},
  pages={1030--1039},
  year={1999},
  publisher={IEEE}
}

@article{Netronome,
  title={P4 Data Plane Programming for Server-Based Networking Applications},
  author={WELL, MORE BY HOW and OPTIMIZATIONS, BY}
}